<record><leader>00000cas a22000007a 4500</leader><controlfield tag="001">13507950</controlfield><controlfield tag="008">860429c19559999aluir ne      0   a0eng d</controlfield><datafield ind1=" " ind2=" " tag="010"><subfield code="a">sn 86050171 </subfield></datafield><datafield ind1=" " ind2=" " tag="040"><subfield code="a">AAR</subfield><subfield code="b">eng</subfield><subfield code="c">AAR</subfield><subfield code="d">CPN</subfield><subfield code="d">NSD</subfield><subfield code="d">CPN</subfield><subfield code="d">CUS</subfield><subfield code="d">OCLCQ</subfield><subfield code="d">OCLCF</subfield><subfield code="d">OCLCO</subfield></datafield><datafield ind1=" " ind2=" " tag="012"><subfield code="l">1</subfield><subfield code="m">1</subfield></datafield><datafield ind1="1" ind2=" " tag="022"><subfield code="a">0890-1724</subfield><subfield code="l">0890-1724</subfield><subfield code="2">1</subfield></datafield><datafield ind1=" " ind2=" " tag="032"><subfield code="a">480820</subfield><subfield code="b">USPS</subfield></datafield><datafield ind1=" " ind2=" " tag="037"><subfield code="b">The Sand Mountain reporter, P.O. Box 190, Albertville, Ala. 35950</subfield></datafield><datafield ind1=" " ind2=" " tag="042"><subfield code="a">msc</subfield><subfield code="a">nsdp</subfield></datafield><datafield ind1=" " ind2=" " tag="043"><subfield code="a">n-us-al</subfield></datafield><datafield ind1=" " ind2="4" tag="222"><subfield code="a">The Sand Mountain reporter</subfield></datafield><datafield ind1="0" ind2="0" tag="245"><subfield code="a">Sand Mountain reporter.</subfield></datafield><datafield ind1="3" ind2="0" tag="246"><subfield code="a">Reporter</subfield></datafield><datafield ind1="3" ind2="0" tag="246"><subfield code="a">Sand Mountain reporter combined with the Albertville herald</subfield></datafield><datafield ind1=" " ind2=" " tag="260"><subfield code="a">Albertville, Ala. :</subfield><subfield code="b">Pat M. Courington,</subfield><subfield code="c">1955-</subfield></datafield><datafield ind1=" " ind2=" " tag="300"><subfield code="a">v. :</subfield><subfield code="b">ill. ;</subfield><subfield code="c">43-57 cm.</subfield></datafield><datafield ind1=" " ind2=" " tag="310"><subfield code="a">Three times a week,</subfield><subfield code="b">&lt;Aug. 6, 1968-&gt;</subfield></datafield><datafield ind1=" " ind2=" " tag="321"><subfield code="a">Daily,</subfield><subfield code="b">&lt;Aug. 5, 1955-Feb. 2, 1957&gt;</subfield></datafield><datafield ind1=" " ind2=" " tag="321"><subfield code="a">Weekly,</subfield><subfield code="b">&lt;Feb. 5, 1957-Mar. 26, 1957&gt;</subfield></datafield><datafield ind1=" " ind2=" " tag="321"><subfield code="a">Semiweekly,</subfield><subfield code="b">&lt;Apr. 2, 1957-Aug. 1, 1968&gt;</subfield></datafield><datafield ind1="0" ind2=" " tag="362"><subfield code="a">Vol. 1, no. 1 (Aug. 5, 1955)-</subfield></datafield><datafield ind1=" " ind2=" " tag="500"><subfield code="a">Published as: Reporter, Feb. 5-Dec. 12, 1957.</subfield></datafield><datafield ind1=" " ind2=" " tag="500"><subfield code="a">Published as: Sand Mountain reporter combined with the Albertville herald, Oct. 22, 1964-&lt;Feb. 24, 1966&gt;.</subfield></datafield><datafield ind1=" " ind2=" " tag="500"><subfield code="a">Published: &lt;July 8, 1986-&gt;, Sand Mountain Newspapers, Inc.</subfield></datafield><datafield ind1=" " ind2=" " tag="588"><subfield code="a">Latest issue consulted: 31st year, no. 142 (Tuesday, July 8, 1986) (surrogate).</subfield></datafield><datafield ind1=" " ind2="0" tag="651"><subfield code="a">Albertville (Ala.)</subfield><subfield code="v">Newspapers.</subfield></datafield><datafield ind1=" " ind2="7" tag="655"><subfield code="a">Newspapers.</subfield><subfield code="2">fast</subfield><subfield code="0">(OCoLC)fst01423814</subfield></datafield><datafield ind1=" " ind2="7" tag="651"><subfield code="a">Alabama</subfield><subfield code="z">Albertville.</subfield><subfield code="2">fast</subfield><subfield code="0">(OCoLC)fst01216306</subfield></datafield><datafield ind1=" " ind2=" " tag="752"><subfield code="a">United States</subfield><subfield code="b">Alabama</subfield><subfield code="c">Marshall</subfield><subfield code="d">Albertville.</subfield></datafield><datafield ind1="0" ind2="5" tag="780"><subfield code="t">Albertville herald</subfield><subfield code="w">(DLC)sn 86050172</subfield></datafield></record>